// ABI
@misc{x86-64-ABI,
  author    = "{H.J. Lu and Michael Matz and Milind Girkar and Jan Hubiƒçka and Andreas Jaeger and Mark Mitchell (Eds.)}",
  title     = "{System V Application Binary Interface: AMD64 Architecture Processor Supplement}",
  year      = {2024},
  url       = {https://gitlab.com/x86-psABIs/x86-64-ABI/-/jobs/artifacts/master/raw/x86-64-ABI/abi.pdf?job=build},
  note      = "Accessed: Feb 1, 2025"
}
// CSAPP book
@book{bryant2016csapp,
  author    = {Randal E. Bryant and David R. O'Hallaron},
  title     = {Computer Systems: A Programmer's Perspective},
  edition   = {3rd global},
  publisher = {Pearson},
  year      = {2016}
}